<record><leader>01457cam a2200361 i 45 0</leader><controlfield tag="001">6786308</controlfield><controlfield tag="003">CaOOAMICUS</controlfield><controlfield tag="005">20140807125624.0</controlfield><controlfield tag="008">140807t20152015onca   j      000 0 eng  </controlfield><datafield ind1=" " ind2=" " tag="016"><subfield code="a">20149052790</subfield></datafield><datafield ind1=" " ind2=" " tag="020"><subfield code="a">9781771381024 (bound)</subfield></datafield><datafield ind1=" " ind2=" " tag="035"><subfield code="a">ocn887390855</subfield></datafield><datafield ind1=" " ind2=" " tag="040"><subfield code="a">CaOONL</subfield><subfield code="b">eng</subfield><subfield code="e">rda</subfield><subfield code="c">CaOONL</subfield><subfield code="d">AGPC</subfield></datafield><datafield ind1=" " ind2="0" tag="055"><subfield code="a">HM761</subfield><subfield code="b">R58 2015</subfield></datafield><datafield ind1="0" ind2=" " tag="082"><subfield code="a">j307</subfield><subfield code="2">23</subfield></datafield><datafield ind1=" " ind2=" " tag="090"><subfield code="a">HM 761 R58 2015</subfield><subfield code="b">AGPC</subfield></datafield><datafield ind1=" " ind2=" " tag="090"><subfield code="a">HM 761 R58 2015</subfield><subfield code="b">AEU</subfield></datafield><datafield ind1="1" ind2=" " tag="100"><subfield code="a">Ritchie, Scot,</subfield><subfield code="e">author,</subfield><subfield code="e">illustrator.</subfield></datafield><datafield ind1="1" ind2="0" tag="245"><subfield code="a">Look where we live! :</subfield><subfield code="b">a first book of community building /</subfield><subfield code="c">Scot Ritchie.</subfield></datafield><datafield ind1=" " ind2="1" tag="264"><subfield code="a">Toronto :</subfield><subfield code="b">Kids Can Press,</subfield><subfield code="c">[2015]</subfield></datafield><datafield ind1=" " ind2="4" tag="264"><subfield code="c">&#169;2015.</subfield></datafield><datafield ind1=" " ind2=" " tag="300"><subfield code="a">32 pages :</subfield><subfield code="b">color illustrations ;</subfield><subfield code="c">23 x 26 cm</subfield></datafield><datafield ind1=" " ind2=" " tag="336"><subfield code="a">text</subfield><subfield code="b">txt</subfield><subfield code="2">rdacontent</subfield></datafield><datafield ind1=" " ind2=" " tag="336"><subfield code="a">still image</subfield><subfield code="b">sti</subfield><subfield code="2">rdacontent</subfield></datafield><datafield ind1=" " ind2=" " tag="337"><subfield code="a">unmediated</subfield><subfield code="b">n</subfield><subfield code="2">rdamedia</subfield></datafield><datafield ind1=" " ind2=" " tag="338"><subfield code="a">volume</subfield><subfield code="b">nc</subfield><subfield code="2">rdacarrier</subfield></datafield><datafield ind1=" " ind2=" " tag="590"><subfield code="a">UA Library copy in the Canadian Children's Book Centre Depository Collection.</subfield></datafield><datafield ind1=" " ind2=" " tag="596"><subfield code="a">28 41</subfield></datafield><datafield ind1=" " ind2="0" tag="650"><subfield code="a">Communities</subfield><subfield code="v">Juvenile literature.</subfield></datafield><datafield ind1=" " ind2="0" tag="650"><subfield code="a">Community life</subfield><subfield code="v">Juvenile literature.</subfield></datafield><datafield ind1=" " ind2=" " tag="926"><subfield code="a">HM 761 R58 2015</subfield><subfield code="w">LC</subfield><subfield code="c">1</subfield><subfield code="i">31847001273819</subfield><subfield code="d">3/30/2017</subfield><subfield code="e">10/15/2015</subfield><subfield code="l">JUVENILE</subfield><subfield code="m">GPRC_GP</subfield><subfield code="n">1</subfield><subfield code="p">$150.00</subfield><subfield code="q">1</subfield><subfield code="r">Y</subfield><subfield code="s">Y</subfield><subfield code="t">BOOK</subfield><subfield code="u">1/20/2015</subfield></datafield><datafield ind1=" " ind2=" " tag="926"><subfield code="a">HM 761 R58 2015</subfield><subfield code="w">LC</subfield><subfield code="c">1</subfield><subfield code="i">0162034337954</subfield><subfield code="l">CCBCC</subfield><subfield code="m">UAEDUC</subfield><subfield code="p">$150.00</subfield><subfield code="r">Y</subfield><subfield code="s">Y</subfield><subfield code="t">NO_LOAN</subfield><subfield code="u">9/9/2015</subfield></datafield><datafield ind1=" " ind2=" " tag="926"><subfield code="a">HM 761 R58 2015</subfield><subfield code="w">LC</subfield><subfield code="c">2</subfield><subfield code="i">0162035309325</subfield><subfield code="d">2/16/2017</subfield><subfield code="e">2/14/2017</subfield><subfield code="l">CURRICULUM</subfield><subfield code="m">UAEDUC</subfield><subfield code="n">3</subfield><subfield code="p">$150.00</subfield><subfield code="r">Y</subfield><subfield code="s">Y</subfield><subfield code="t">BOOK</subfield><subfield code="u">1/21/2016</subfield></datafield></record>